@online{r1,
author = {Techopedia},
title = { Transaction Processing System},
month = Jan,
year = {2010},
url = {https://www.techopedia.com/definition/707/transaction-process-system-tps}
}
@online{r2,
author = {Mahajan, Ribhu},
title = {Role of Transaction Processing System},
month = Dec,
year = {2009},
url = {https://ssrn.com/abstract=1529303}
}
@Article{r3,
  author =   {S.R. Choudhary, Dr.C.K. Jha.},
  title =    {A Study on Transaction Processing for Real Time
Database System in Distributed Environment},
  journaltitle = {Survey Review},
  year =     2013,
  volume =   4,
  pages =    62
}
@online{r4,
author = {Google},
title = {Google maps APIs: Google Developer},
month = Feb,
year = {2012},
url = {https://developers.google.com/maps/documentation/}
}